<record><leader>00000cas a22000007a 4500</leader><controlfield tag="001">28464124</controlfield><controlfield tag="008">930716d19481949caucr ne      0    0eng d</controlfield><datafield ind1=" " ind2=" " tag="010"><subfield code="a">sn 93051077 </subfield></datafield><datafield ind1=" " ind2=" " tag="040"><subfield code="a">CUY</subfield><subfield code="b">eng</subfield><subfield code="c">CNK</subfield><subfield code="d">OCLCQ</subfield><subfield code="d">OCLCF</subfield><subfield code="d">OCLCO</subfield></datafield><datafield ind1="1" ind2=" " tag="029"><subfield code="a">AU@</subfield><subfield code="b">000025892644</subfield></datafield><datafield ind1=" " ind2=" " tag="042"><subfield code="a">msc</subfield></datafield><datafield ind1="0" ind2="4" tag="245"><subfield code="a">The Redwood journal and dispatch-Democrat.</subfield></datafield><datafield ind1=" " ind2=" " tag="260"><subfield code="a">Ukiah, Mendocino County, Calif. :</subfield><subfield code="b">B.A. Cober</subfield></datafield><datafield ind1=" " ind2=" " tag="300"><subfield code="a">v.</subfield></datafield><datafield ind1=" " ind2=" " tag="310"><subfield code="a">Semiweekly</subfield></datafield><datafield ind1="0" ind2=" " tag="362"><subfield code="a">Vol. 20. no. 66 (Nov. 25, 1948)-v. 12 [i.e. 21], no. 50 (Sept. 29, 1949).</subfield></datafield><datafield ind1=" " ind2="0" tag="651"><subfield code="a">Mendocino County (Calif.)</subfield><subfield code="v">Newspapers.</subfield></datafield><datafield ind1=" " ind2="7" tag="655"><subfield code="a">Newspapers.</subfield><subfield code="2">fast</subfield><subfield code="0">(OCoLC)fst01423814</subfield></datafield><datafield ind1=" " ind2="7" tag="651"><subfield code="a">California</subfield><subfield code="z">Mendocino County.</subfield><subfield code="2">fast</subfield><subfield code="0">(OCoLC)fst01215516</subfield></datafield><datafield ind1=" " ind2=" " tag="752"><subfield code="a">United States</subfield><subfield code="b">California</subfield><subfield code="c">Mendocino</subfield><subfield code="d">Ukiah.</subfield></datafield><datafield ind1="0" ind2="4" tag="780"><subfield code="t">Redwood journal</subfield><subfield code="w">(DLC)sn 93051076</subfield></datafield><datafield ind1="0" ind2="4" tag="780"><subfield code="t">Dispatch-Democrat</subfield><subfield code="w">(DLC)sn 93051075</subfield></datafield><datafield ind1="0" ind2="7" tag="785"><subfield code="t">Ukiah Republican-press</subfield><subfield code="w">(DLC)sn 93053246</subfield></datafield><datafield ind1="0" ind2="7" tag="785"><subfield code="t">Redwood journal press-dispatch</subfield><subfield code="w">(DLC)sn 93051080</subfield></datafield></record>